@online{Bizarre,
	author = {Holger L},
	title = {Top 10 Truly Bizarre Programming Languages},
	year = 2011,
	url = {http://listverse.com/2011/02/17/top-10-truly-bizarre-programming-languages/2000},
	urldate = {2015-04-21}
}